% Gro�schreibung im Titel ist durch {} zu Markieren!
%
% Der Eintrag bei "edition = " erscheint genau so wie er geschrieben wird (s. z.B. Khoo2007, Kopka2000 etc.).
%
% F�r einen vern�nftigen Eintrag im Literaturverzeichnis MUSS ein Autor ("author = ") angegeben werden.
% Notfalls muss einer erfunden werden (s. z.B. Agilent2006, Latex2011, etc.)
%
% Um Webseiten mit Hilfe von "url = " und "urldate = " zu zitieren, muss ausschlie�lich der
% Eintrag


% B�cher, Buchausschnitte und Proceedings

@misc{WikiDynSys,
  author       = {Wikipedia},
  title        = {Dynamische Systeme},
  year         = {2021},
  url          = {https://de.wikipedia.org/wiki/Dynamisches_System},
  urldate      = {31.08.2021}
}

@book{Mat1,
  author         = {K. Jänich},
  title          = {Mathematik 1, Geschrieben für Physiker},
  publisher      = {Springer},
  year           = {2005}
}

@unpublished{Lueck,
  author  = {S. Lück},
  title   = {Ein Praktikumsversuch zum Thema: 'Chaos in einfachen physikalischen Systemen'},
  note  = {EP II, Universität Bayreuth},
  year    = {1995}
}

@book{Mat2,
  author         = {K. Jänich},
  title          = {Mathematik 2, Geschrieben für Physiker},
  publisher      = {Springer},
  year           = {2011}
}
